<record><leader>00000cas a22000007a 4500</leader><controlfield tag="001">12139455</controlfield><controlfield tag="008">850610d18991918wiuwr ne      0    0eng d</controlfield><datafield ind1=" " ind2=" " tag="010"><subfield code="a">sn 85040794 </subfield></datafield><datafield ind1=" " ind2=" " tag="040"><subfield code="a">NPV</subfield><subfield code="b">eng</subfield><subfield code="c">NPV</subfield><subfield code="d">OCLCQ</subfield></datafield><datafield ind1=" " ind2=" " tag="042"><subfield code="a">msc</subfield></datafield><datafield ind1=" " ind2=" " tag="045"><subfield code="a">w9x1</subfield></datafield><datafield ind1=" " ind2=" " tag="052"><subfield code="a">4123</subfield><subfield code="b">W2</subfield></datafield><datafield ind1="0" ind2=" " tag="130"><subfield code="a">Whitewater gazette (Whitewater, Wis. : 1899)</subfield></datafield><datafield ind1="1" ind2="4" tag="245"><subfield code="a">The Whitewater gazette.</subfield></datafield><datafield ind1=" " ind2=" " tag="260"><subfield code="a">Whitewater, Wis. :</subfield><subfield code="b">Hotchkiss &amp; Bloodgood,</subfield><subfield code="c">1899-1918.</subfield></datafield><datafield ind1=" " ind2=" " tag="300"><subfield code="a">9 v. :</subfield><subfield code="b">ill.</subfield></datafield><datafield ind1=" " ind2=" " tag="310"><subfield code="a">Weekly</subfield></datafield><datafield ind1="0" ind2=" " tag="362"><subfield code="a">Vol. 20, no. 37 (Jan. 25, 1899)-v. 41, no. 28 (Sept. 26, 1918).</subfield></datafield><datafield ind1=" " ind2=" " tag="500"><subfield code="a">Publisher varies.</subfield></datafield><datafield ind1=" " ind2=" " tag="500"><subfield code="a">Editor: F.R. Bloodgood, July 19, 1899-Sept. 26, 1918.</subfield></datafield><datafield ind1=" " ind2=" " tag="530"><subfield code="a">Available on microfilm from The State Historical Society of Wisconsin.</subfield></datafield><datafield ind1=" " ind2=" " tag="752"><subfield code="a">United States</subfield><subfield code="b">Wisconsin</subfield><subfield code="c">Walworth</subfield><subfield code="d">Whitewater.</subfield></datafield><datafield ind1="0" ind2="0" tag="780"><subfield code="t">Gazette (Whitewater, Wis.)</subfield><subfield code="w">(DLC)sn 85040793</subfield></datafield><datafield ind1="0" ind2="4" tag="785"><subfield code="t">Whitewater register</subfield><subfield code="w">(DLC)sn 85008075</subfield></datafield><datafield ind1="1" ind2=" " tag="029"><subfield code="a">AU@</subfield><subfield code="b">000025805469</subfield></datafield></record>